@article{bekkerman2004ace,
  author = {Bekkerman, R. and McCallum, A. and Huang, G.},
  journal = {Center for Intelligent Information Retrieval, Technical Report IR},
  title = {Automatic Categorization of Email into Folders: Benchmark Experiments on Enron and SRI Corpora},
  volume = 418,
  year = 2004
}

@inproceedings{klimt2004enron,
  title={The enron corpus: A new dataset for email classification research},
  author={Klimt, Bryan and Yang, Yiming},
  booktitle={European Conference on Machine Learning},
  pages={217--226},
  year={2004},
  organization={Springer}
}

@book{Joachims,
 author = {Joachims, Thorsten},
 title = {Learning to Classify Text Using Support Vector Machines: Methods, Theory and Algorithms},
 year = {2002},
 isbn = {079237679X},
 publisher = {Kluwer Academic Publishers},
 address = {Norwell, MA, USA},
} 
